@article{Macdonald80,
	author = {Macdonald, I. G.},
	doi = {10.1007/BF01387076},
	fjournal = {Mathematische Annalen},
	issn = {0025-5831},
	journal = {Math. Ann.},
	mrclass = {20G40 (12B27 22E50)},
	mrnumber = 575444,
	mrreviewer = {Joe Repka},
	number = 1,
	pages = {1--15},
	title = {Zeta functions attached to finite general linear groups},
	url = {https://doi.org/10.1007/BF01387076},
	volume = 249,
	year = 1980
}

@article{SilbergerZink08,
	author = {Silberger, Allan J. and Zink, Ernst-Wilhelm},
	doi = {10.1016/j.jalgebra.2008.02.010},
	fjournal = {Journal of Algebra},
	issn = {0021-8693},
	journal = {J. Algebra},
	mrclass = {20G40 (11S37 20G05 22E50)},
	mrnumber = 2407894,
	mrreviewer = {Shaun A. R. Stevens},
	number = 10,
	pages = {4147--4176},
	title = {Explicit {S}hintani base change and the {M}acdonald correspondence for characters of {${\rm GL}_n(k)$}},
	url = {https://doi.org/10.1016/j.jalgebra.2008.02.010},
	volume = 319,
	year = 2008
}

@article{Green55,
	author = {Green, J. A.},
	doi = {10.2307/1992997},
	fjournal = {Transactions of the American Mathematical Society},
	issn = {0002-9947},
	journal = {Trans. Amer. Math. Soc.},
	mrclass = {20.0X},
	mrnumber = 0072878,
	mrreviewer = {R. Steinberg},
	pages = {402--447},
	title = {The characters of the finite general linear groups},
	url = {https://doi.org/10.2307/1992997},
	volume = 80,
	year = 1955
}

@article{Nien14,
	author = {Nien, Chufeng},
	fjournal = {American Journal of Mathematics},
	issn = {0002-9327},
	journal = {Amer. J. Math.},
	mrclass = {20G40 (20G05)},
	mrnumber = 3214273,
	mrreviewer = {Daniel Goldstein},
	number = 3,
	pages = {653--674},
	title = {A proof of the finite field analogue of {J}acquet's conjecture},
	url = {https://doi-org/10.1353/ajm.2014.0020},
	volume = 136,
	year = 2014
}

@article{Nien17,
	author = {Nien, Chufeng},
	doi = {10.1016/j.ffa.2017.04.005},
	fjournal = {Finite Fields and their Applications},
	issn = {1071-5797},
	journal = {Finite Fields Appl.},
	mrclass = {20C33 (11L05)},
	mrnumber = 3655759,
	mrreviewer = {John T. Cullinan},
	pages = {255--270},
	title = {{$n\times 1$} local gamma factors and {G}auss sums},
	url = {https://doi.org/10.1016/j.ffa.2017.04.005},
	volume = 46,
	year = 2017
}

@article{Gelfand70,
	author = {Gel'fand, S. I.},
	journal = {Math. USSR Sb.},
	mrclass = {20.80},
	mrnumber = 0272916,
	mrreviewer = {J. D. Dixon},
	pages = {13--39},
	title = {Representations of the full linear group over a finite field},
	volume = {12(13)},
	year = 1970
}

@Article{tulunay2004cuspidal,
  author     = {Tulunay, I.},
  title      = {Cuspidal modules as summands of a {G}el'fand-{G}raev module},
  journal    = {Comm. Algebra},
  year       = {2004},
  volume     = {32},
  number     = {4},
  pages      = {1519--1530},
  issn       = {0092-7872},
  doi        = {10.1081/AGB-120028796},
  fjournal   = {Communications in Algebra},
  mrclass    = {20G05 (20G40)},
  mrnumber   = {2100372},
  mrreviewer = {Karine Sorlin},
  url        = {https://doi.org/10.1081/AGB-120028796},
}

@Book{piatetskishapirobook,
  title     = {Complex Representations of $GL(2,K)$ for Finite Fields $K$},
  publisher = {American Mathematical Society},
  year      = {1983},
  author    = {Ilya Piatetski-Shapiro},
  volume    = {16},
}

@Book{macdonald1998symmetric,
  author    = {Macdonald, Ian Grant},
  publisher = {Oxford university press},
  title     = {{S}ymmetric functions and {H}all polynomials},
  year      = {1998},
}

@Article{SilbergerZink00,
  author     = {Silberger, Allan J. and Zink, Ernst-Wilhelm},
  title      = {The characters of the generalized {S}teinberg representations of finite general linear groups on the regular elliptic set},
  journal    = {Trans. Amer. Math. Soc.},
  year       = {2000},
  volume     = {352},
  number     = {7},
  pages      = {3339--3356},
  issn       = {0002-9947},
  doi        = {10.1090/S0002-9947-00-02454-5},
  fjournal   = {Transactions of the American Mathematical Society},
  mrclass    = {22E50 (20C15)},
  mrnumber   = {1650042},
  mrreviewer = {Ehud M. Baruch},
  url        = {https://doi.org/10.1090/S0002-9947-00-02454-5},
}

@InCollection{curtis2004zeta,
  author     = {Curtis, Charles W. and Shinoda, Ken-ichi},
  title      = {Zeta functions and functional equations associated with the components of the {G}elfand-{G}raev representations of a finite reductive group},
  booktitle  = {Representation theory of algebraic groups and quantum groups},
  publisher  = {Math. Soc. Japan, Tokyo},
  year       = {2004},
  volume     = {40},
  series     = {Adv. Stud. Pure Math.},
  pages      = {121--139},
  doi        = {10.2969/aspm/04010121},
  mrclass    = {20G05 (20G40)},
  mrnumber   = {2074592},
  mrreviewer = {Karine Sorlin},
  url        = {https://doi.org/10.2969/aspm/04010121},
}

@Book{lidl1994introduction,
  author    = {Lidl, Rudolf and Niederreiter, Harald},
  publisher = {Cambridge university press},
  title     = {Introduction to finite fields and their applications},
  year      = {1994},
}

@Book{katz2016gauss,
  author     = {Katz, Nicholas M.},
  publisher  = {Princeton University Press, Princeton, NJ},
  title      = {Gauss sums, {K}loosterman sums, and monodromy groups},
  year       = {1988},
  isbn       = {0-691-08432-7; 0-691-08433-5},
  series     = {Annals of Mathematics Studies},
  volume     = {116},
  doi        = {10.1515/9781400882120},
  mrclass    = {11G40 (11L05 11T24 14G10 14G15)},
  mrnumber   = {955052},
  mrreviewer = {P. Bayer},
  pages      = {x+246},
  url        = {https://doi.org/10.1515/9781400882120},
}

@Article{nien2021converse,
  author   = {Nien, Chufeng and Zhang, Lei},
  journal  = {J. Number Theory},
  title    = {Converse theorem of {G}auss sums},
  year     = {2021},
  issn     = {0022-314X},
  note     = {With an appendix by Zhiwei Yun},
  pages    = {365--388},
  volume   = {221},
  doi      = {10.1016/j.jnt.2020.10.022},
  fjournal = {Journal of Number Theory},
  mrclass  = {11T24},
  mrnumber = {4203574},
  url      = {https://doi.org/10.1016/j.jnt.2020.10.022},
}

@Article{ye2021epsilon,
  author     = {Ye, Rongqing and Zelingher, Elad},
  journal    = {J. Number Theory},
  title      = {Epsilon factors of representations of finite general linear groups},
  year       = {2021},
  issn       = {0022-314X},
  pages      = {122--142},
  volume     = {221},
  doi        = {10.1016/j.jnt.2020.06.007},
  fjournal   = {Journal of Number Theory},
  mrclass    = {11S37 (11T24 20C33)},
  mrnumber   = {4203563},
  mrreviewer = {Maarten Sander Solleveld},
  url        = {https://doi.org/10.1016/j.jnt.2020.06.007},
}

@Article{curtis1999unitary,
  author     = {Curtis, Charles W. and Shinoda, Ken-ichi},
  journal    = {J. Algebra},
  title      = {Unitary {K}loosterman sums and the {G}elfand-{G}raev representation of {${\rm GL}_2$}},
  year       = {1999},
  issn       = {0021-8693},
  number     = {2},
  pages      = {431--447},
  volume     = {216},
  doi        = {10.1006/jabr.1998.7807},
  fjournal   = {Journal of Algebra},
  mrclass    = {11L05 (20C33 20G40)},
  mrnumber   = {1693005},
  mrreviewer = {Toshiaki Shoji},
  url        = {https://doi.org/10.1006/jabr.1998.7807},
}

@Book{deligne569cohomologie,
  author    = {Deligne, P.},
  publisher = {Springer-Verlag, Berlin},
  title     = {Cohomologie \'{e}tale},
  year      = {1977},
  isbn      = {3-540-08066-X; 0-387-08066-X},
  note      = {S\'{e}minaire de g\'{e}om\'{e}trie alg\'{e}brique du Bois-Marie SGA $4\frac{1}{2}$},
  series    = {Lecture Notes in Mathematics},
  volume    = {569},
  doi       = {10.1007/BFb0091526},
  mrclass   = {14F20},
  mrnumber  = {463174},
  pages     = {iv+312},
  url       = {https://doi.org/10.1007/BFb0091526},
}

@Article{Kondo1963,
  author     = {Kondo, Takeshi},
  journal    = {J. Math. Soc. Japan},
  title      = {On {G}aussian sums attached to the general linear groups over finite fields},
  year       = {1963},
  issn       = {0025-5645},
  pages      = {244--255},
  volume     = {15},
  doi        = {10.2969/jmsj/01530244},
  fjournal   = {Journal of the Mathematical Society of Japan},
  mrclass    = {10.16 (20.75)},
  mrnumber   = {161914},
  mrreviewer = {J. S. Frame},
  url        = {https://doi.org/10.2969/jmsj/01530244},
}

@Article{katz1993estimates,
  author     = {Katz, Nicholas M.},
  journal    = {J. Reine Angew. Math.},
  title      = {Estimates for {S}oto-{A}ndrade sums},
  year       = {1993},
  issn       = {0075-4102},
  pages      = {143--161},
  volume     = {438},
  doi        = {10.1515/crll.1993.438.143},
  fjournal   = {Journal f\"{u}r die Reine und Angewandte Mathematik. [Crelle's Journal]},
  mrclass    = {11T24 (11L40)},
  mrnumber   = {1215651},
  mrreviewer = {Joe Repka},
  url        = {https://doi.org/10.1515/crll.1993.438.143},
}

@Article{kowalski2014gaps,
  author     = {Kowalski, Emmanuel},
  journal    = {Ast\'{e}risque},
  title      = {Gaps between prime numbers and primes in arithmetic progressions [after {Y}. {Z}hang and {J}. {M}aynard]},
  year       = {2015},
  issn       = {0303-1179},
  number     = {367-368},
  pages      = {Exp. No. 1084, ix, 327--366},
  fjournal   = {Ast\'{e}risque},
  isbn       = {978-2-85629-804-6},
  mrclass    = {11N05 (11-02 11L05 11L07 11N13 11N36 11N37)},
  mrnumber   = {3363595},
  mrreviewer = {Nigel Watt},
}

@Article{Gordon2022,
  author     = {Gordon, Graham},
  journal    = {Algebr. Comb.},
  title      = {Cycle type factorizations in {${\rm GL}_n\Bbb F_q$}},
  year       = {2022},
  issn       = {2589-5486},
  number     = {6},
  pages      = {1427--1459},
  volume     = {5},
  fjournal   = {Algebraic Combinatorics},
  mrclass    = {05A05 (05A15)},
  mrnumber   = {4535800},
  mrreviewer = {Emanuele\ Munarini},
}

@Article{gurevich2021harmonic,
  author     = {Gurevich, Shamgar and Howe, Roger},
  journal    = {Pure Appl. Math. Q.},
  title      = {Harmonic analysis on {$GL_n$} over finite fields},
  year       = {2021},
  issn       = {1558-8599},
  number     = {4},
  pages      = {1387--1463},
  volume     = {17},
  doi        = {10.4310/PAMQ.2021.v17.n4.a7},
  fjournal   = {Pure and Applied Mathematics Quarterly},
  mrclass    = {20G05 (20G40 22E50 43A40 43A65)},
  mrnumber   = {4359264},
  mrreviewer = {Anton Deitmar},
  url        = {https://doi.org/10.4310/PAMQ.2021.v17.n4.a7},
}

@Article{CarmonZelingher2024,
  author = {Carmon, Oded and Zelingher, Elad},
  title  = {On {G}inzburg-{K}aplan gamma factors and {B}essel-{S}peh functions for finite general linear groups},
  year   = {2024},
  note   = {\href{https://arxiv.org/abs/2406.14262}{arXiv:2406.14262}},
}

@InCollection{TudoseZabrocki2003,
  author     = {Tudose, Geanina and Zabrocki, Michael},
  booktitle  = {Algebraic combinatorics and quantum groups},
  publisher  = {World Sci. Publ., River Edge, NJ},
  title      = {A {$q$}-analog of {S}chur's {$Q$}-functions},
  year       = {2003},
  isbn       = {981-238-446-4},
  pages      = {135--161},
  doi        = {10.1142/9789812775405\_0007},
  mrclass    = {05E05 (05A30 33C47)},
  mrnumber   = {2035133},
  mrreviewer = {Tadeusz\ J\'{o}zefiak},
  url        = {https://doi.org/10.1142/9789812775405_0007},
}

@Article{DesarmenienLeclercThibon1994,
  author   = {D\'{e}sarm\'{e}nien, J. and Leclerc, B. and Thibon, J.-Y.},
  journal  = {S\'{e}m. Lothar. Combin.},
  title    = {Hall-{L}ittlewood functions and {K}ostka-{F}oulkes polynomials in representation theory},
  year     = {1994},
  issn     = {1286-4889},
  pages    = {Art. B32c, approx. 38},
  volume   = {32},
  fjournal = {S\'{e}minaire Lotharingien de Combinatoire},
  mrclass  = {05E05 (20G05)},
  mrnumber = {1399504},
}

@InCollection{Haiman2003,
  author     = {Haiman, Mark},
  booktitle  = {Current developments in mathematics, 2002},
  publisher  = {Int. Press, Somerville, MA},
  title      = {Combinatorics, symmetric functions, and {H}ilbert schemes},
  year       = {2003},
  isbn       = {1-57146-102-7},
  pages      = {39--111},
  mrclass    = {05E05 (14C05 33D52)},
  mrnumber   = {2051783},
  mrreviewer = {Edward\ E.\ Allen},
}

@Article{Ram2023,
  author = {Ram, Samrith},
  title  = {{S}ubspace {P}rofiles over {F}inite {F}ields and $ q $-{W}hittaker {E}xpansions of {S}ymmetric {F}unctions},
  year   = {2023},
  note   = {\href{https://arxiv.org/abs/2309.16607}{arXiv:2309.16607}},
}

@InCollection{Kirillov00,
  author     = {Kirillov, Anatol N.},
  booktitle  = {{$q$}-series from a contemporary perspective ({S}outh {H}adley, {MA}, 1998)},
  publisher  = {Amer. Math. Soc., Providence, RI},
  title      = {New combinatorial formula for modified {H}all-{L}ittlewood polynomials},
  year       = {2000},
  isbn       = {0-8218-1150-9},
  pages      = {283--333},
  series     = {Contemp. Math.},
  volume     = {254},
  doi        = {10.1090/conm/254/03959},
  mrclass    = {05E05 (17B37 20E15 33D80 52B20)},
  mrnumber   = {1768934},
  mrreviewer = {Michael\ S.\ Kleber},
  url        = {https://doi.org/10.1090/conm/254/03959},
}

@Article{fu2005functions,
  author     = {Fu, Lei and Wan, Daqing},
  journal    = {J. Reine Angew. Math.},
  title      = {{$L$}-functions for symmetric products of {K}loosterman sums},
  year       = {2005},
  issn       = {0075-4102},
  pages      = {79--103},
  volume     = {589},
  doi        = {10.1515/crll.2005.2005.589.79},
  fjournal   = {Journal f\"{u}r die Reine und Angewandte Mathematik. [Crelle's Journal]},
  mrclass    = {11L05},
  mrnumber   = {2194679},
  mrreviewer = {Antonio Rojas Le\'{o}n},
  url        = {https://doi.org/10.1515/crll.2005.2005.589.79},
}

@Article{KowalskiMichelSawin2017,
  author     = {Kowalski, Emmanuel and Michel, Philippe and Sawin, Will},
  journal    = {Ann. of Math. (2)},
  title      = {Bilinear forms with {K}loosterman sums and applications},
  year       = {2017},
  issn       = {0003-486X,1939-8980},
  number     = {2},
  pages      = {413--500},
  volume     = {186},
  doi        = {10.4007/annals.2017.186.2.2},
  fjournal   = {Annals of Mathematics. Second Series},
  mrclass    = {11T23 (11F66 11L05 11N37 11N75 14F20)},
  mrnumber   = {3702671},
  mrreviewer = {Ping\ Xi},
  url        = {https://doi.org/10.4007/annals.2017.186.2.2},
}

@Article{DeshouillersIwaniec1982,
  author     = {Deshouillers, J.-M. and Iwaniec, H.},
  journal    = {Invent. Math.},
  title      = {Kloosterman sums and {F}ourier coefficients of cusp forms},
  year       = {1982},
  issn       = {0020-9910,1432-1297},
  number     = {2},
  pages      = {219--288},
  volume     = {70},
  doi        = {10.1007/BF01390728},
  fjournal   = {Inventiones Mathematicae},
  mrclass    = {10D12 (10G10)},
  mrnumber   = {684172},
  mrreviewer = {Audrey\ A.\ Terras},
  url        = {https://doi.org/10.1007/BF01390728},
}

@Article{Zelingher2023,
  author   = {Zelingher, Elad},
  journal  = {Adv. Math.},
  title    = {On values of the {B}essel function for generic representations of finite general linear groups},
  year     = {2023},
  issn     = {0001-8708,1090-2082},
  pages    = {Paper No. 109314, 47},
  volume   = {434},
  doi      = {10.1016/j.aim.2023.109314},
  fjournal = {Advances in Mathematics},
  mrclass  = {20C33 (11L05 11T24)},
  mrnumber = {4647744},
  url      = {https://doi.org/10.1016/j.aim.2023.109314},
}

@Article{HeinlothNgoYun2013,
  author     = {Heinloth, Jochen and Ng\^{o}, Bao-Ch\^{a}u and Yun, Zhiwei},
  journal    = {Ann. of Math. (2)},
  title      = {Kloosterman sheaves for reductive groups},
  year       = {2013},
  issn       = {0003-486X,1939-8980},
  number     = {1},
  pages      = {241--310},
  volume     = {177},
  doi        = {10.4007/annals.2013.177.1.5},
  fjournal   = {Annals of Mathematics. Second Series},
  mrclass    = {22E57 (11L05)},
  mrnumber   = {2999041},
  mrreviewer = {K.\ Strambach},
  url        = {https://doi.org/10.4007/annals.2013.177.1.5},
}

@Article{Yun2016,
  author     = {Yun, Zhiwei},
  journal    = {Selecta Math. (N.S.)},
  title      = {Epipelagic representations and rigid local systems},
  year       = {2016},
  issn       = {1022-1824,1420-9020},
  number     = {3},
  pages      = {1195--1243},
  volume     = {22},
  doi        = {10.1007/s00029-015-0204-z},
  fjournal   = {Selecta Mathematica. New Series},
  mrclass    = {22E55 (11L05 14D24 20G44 22E50 22E57)},
  mrnumber   = {3518549},
  mrreviewer = {Dongwen\ Liu},
  url        = {https://doi.org/10.1007/s00029-015-0204-z},
}

@Article{GorodetskyRodgers2021,
  author     = {Gorodetsky, Ofir and Rodgers, Brad},
  journal    = {Trans. Amer. Math. Soc.},
  title      = {Traces of powers of matrices over finite fields},
  year       = {2021},
  issn       = {0002-9947,1088-6850},
  number     = {7},
  pages      = {4579--4638},
  volume     = {374},
  doi        = {10.1090/tran/8337},
  fjournal   = {Transactions of the American Mathematical Society},
  mrclass    = {60B15 (11T55 15B52 20G40 60B20)},
  mrnumber   = {4273172},
  mrreviewer = {Florent\ Benaych-Georges},
  url        = {https://doi.org/10.1090/tran/8337},
}

@Article{Hodges1956,
  author     = {Hodges, John H.},
  journal    = {Duke Math. J.},
  title      = {Weighted partitions for general matrices over a finite field},
  year       = {1956},
  issn       = {0012-7094,1547-7398},
  pages      = {545--552},
  volume     = {23},
  fjournal   = {Duke Mathematical Journal},
  mrclass    = {10.1X},
  mrnumber   = {79607},
  mrreviewer = {L.\ Carlitz},
  url        = {http://projecteuclid.org/euclid.dmj/1077467071},
}

@Article{Kim1998,
  author     = {Kim, Dae San},
  journal    = {Monatsh. Math.},
  title      = {Gauss sums for symplectic groups over a finite field},
  year       = {1998},
  issn       = {0026-9255,1436-5081},
  number     = {1},
  pages      = {55--71},
  volume     = {126},
  doi        = {10.1007/BF01312455},
  fjournal   = {Monatshefte f\"{u}r Mathematik},
  mrclass    = {11T23 (11T24 20G40)},
  mrnumber   = {1633263},
  mrreviewer = {Charles\ Helou},
  url        = {https://doi.org/10.1007/BF01312455},
}

@Article{ChaeKim2003,
  author     = {Chae, Hi-joon and Kim, Dae San},
  journal    = {Math. Ann.},
  title      = {{$L$} functions of some exponential sums of finite classical groups},
  year       = {2003},
  issn       = {0025-5831,1432-1807},
  number     = {3},
  pages      = {479--487},
  volume     = {326},
  doi        = {10.1007/s00208-003-0431-z},
  fjournal   = {Mathematische Annalen},
  mrclass    = {11L05 (11T23 20G40)},
  mrnumber   = {1992273},
  mrreviewer = {Arne\ Winterhof},
  url        = {https://doi.org/10.1007/s00208-003-0431-z},
}

@Article{Fulman2001,
  author  = {Fulman, Jason},
  journal = {arXiv},
  title   = {A new bound for {K}loosterman sums},
  year    = {2001},
  note    = {\href{https://arxiv.org/abs/math/0105172}{arXiv:0105172}},
}

@Article{shintani1976two,
  author     = {Shintani, Takuro},
  journal    = {J. Math. Soc. Japan},
  title      = {Two remarks on irreducible characters of finite general linear groups},
  year       = {1976},
  issn       = {0025-5645,1881-1167},
  number     = {2},
  pages      = {396--414},
  volume     = {28},
  doi        = {10.2969/jmsj/02820396},
  fjournal   = {Journal of the Mathematical Society of Japan},
  mrclass    = {20G05},
  mrnumber   = {414730},
  mrreviewer = {David\ B.\ Surowski},
  url        = {https://doi.org/10.2969/jmsj/02820396},
}

@MastersThesis{Carmon2023,
  author = {Oded Carmon},
  school = {Tel Aviv University},
  title  = {{S}halika {V}ectors for {I}rreducible {R}epresentations of $\mathrm{GL}_n$ over a {F}inite {F}ield},
  year   = {2023},
  note   = {\href{https://tau.primo.exlibrisgroup.com/discovery/delivery/972TAU_INST:TAU/12435684040004146}{DaTA:9933623517704146}},
}

@Article{kaplan2018,
  author  = {Yuanqing Cai and Solomon Friedberg and Eyal Kaplan},
  journal = {Annals of Mathematics},
  title   = {Doubling constructions: {G}lobal functoriality for non-generic cuspidal representations},
  year    = {2024},
}

@Article{ErdelyiTothZabradi2024,
  author   = {Erd\'{e}lyi, M. and T\'{o}th, \'{A}. and Z\'{a}br\'{a}di, G.},
  journal  = {Math. Z.},
  title    = {Matrix {K}loosterman sums modulo prime powers},
  year     = {2024},
  issn     = {0025-5874,1432-1823},
  number   = {4},
  pages    = {Paper No. 68},
  volume   = {306},
  doi      = {10.1007/s00209-024-03467-y},
  fjournal = {Mathematische Zeitschrift},
  mrclass  = {11L05 (15B05)},
  mrnumber = {4717900},
  url      = {https://doi.org/10.1007/s00209-024-03467-y},
}

@Article{erdelyi2022purity,
  author   = {Erd\'{e}lyi, M\'{a}rton and Sawin, Will and T\'{o}th, \'{A}rp\'{a}d},
  journal  = {Trans. Amer. Math. Soc.},
  title    = {The purity locus of matrix {K}loosterman sums},
  year     = {2024},
  issn     = {0002-9947,1088-6850},
  number   = {06},
  pages    = {4117--4132},
  volume   = {377},
  doi      = {10.1090/tran/9149},
  fjournal = {Transactions of the American Mathematical Society},
  mrclass  = {11L05 (11L07 14F10)},
  mrnumber = {4748616},
  url      = {https://doi.org/10.1090/tran/9149},
}

@Article{erdelyi2021matrix,
  author = {Erd{\'e}lyi, M{\'a}rton and T{\'o}th, {\'A}rp{\'a}d},
  title  = {{M}atrix {K}loosterman sums},
  year   = {2021},
  note   = {\href{https://arxiv.org/abs/2109.00762}{arXiv:2109.00762}},
}

@Article{SaitoShinoda2000,
  author     = {Saito, Naomichi and Shinoda, Ken-ichi},
  journal    = {Tokyo J. Math.},
  title      = {Character sums attached to finite reductive groups},
  year       = {2000},
  issn       = {0387-3870},
  number     = {2},
  pages      = {373--385},
  volume     = {23},
  doi        = {10.3836/tjm/1255958677},
  fjournal   = {Tokyo Journal of Mathematics},
  mrclass    = {11L05 (11T23 11T24 20G40)},
  mrnumber   = {1806471},
  mrreviewer = {Shashikant\ A.\ Katre},
  url        = {https://doi.org/10.3836/tjm/1255958677},
}

@Book{DigneMichel2020,
  author    = {Digne, Fran\c cois and Michel, Jean},
  publisher = {Cambridge University Press, Cambridge},
  title     = {Representations of finite groups of {L}ie type},
  year      = {2020},
  edition   = {Second},
  isbn      = {978-1-108-72262-9; 978-1-108-48148-9},
  series    = {London Mathematical Society Student Texts},
  volume    = {95},
  mrclass   = {20C33 (20D06 20G05)},
  mrnumber  = {4211777},
  pages     = {vii+257},
}

@Article{Li2023,
  author     = {Li, Conghui},
  journal    = {Comm. Algebra},
  title      = {Restrictions of irreducible characters of finite groups of {L}ie type to derived subgroups and regular semisimple elements},
  year       = {2023},
  issn       = {0092-7872,1532-4125},
  number     = {3},
  pages      = {983--990},
  volume     = {51},
  doi        = {10.1080/00927872.2022.2118759},
  fjournal   = {Communications in Algebra},
  mrclass    = {20C33 (20C15)},
  mrnumber   = {4554553},
  mrreviewer = {Farrokh\ Shirjian},
  url        = {https://doi.org/10.1080/00927872.2022.2118759},
}

@Article{Li2019,
  author     = {Li, Conghui},
  journal    = {J. Algebra},
  title      = {An equivariant bijection between irreducible {B}rauer characters and weights for {${\rm Sp}(2n,q)$}},
  year       = {2019},
  issn       = {0021-8693,1090-266X},
  pages      = {84--117},
  volume     = {539},
  doi        = {10.1016/j.jalgebra.2019.07.031},
  fjournal   = {Journal of Algebra},
  mrclass    = {20C20 (20C33)},
  mrnumber   = {3995237},
  mrreviewer = {A.\ S.\ Kondrat\cprime ev},
  url        = {https://doi.org/10.1016/j.jalgebra.2019.07.031},
}

@Article{SchaefferFryTaylorVinroot2025,
  author   = {Schaeffer Fry, A. A. and Taylor, Jay and Vinroot, C. Ryan},
  journal  = {J. Algebra},
  title    = {Galois automorphisms and a unique {J}ordan decomposition in the case of connected centralizer},
  year     = {2025},
  issn     = {0021-8693,1090-266X},
  pages    = {123--149},
  volume   = {664},
  doi      = {10.1016/j.jalgebra.2024.10.017},
  fjournal = {Journal of Algebra},
  mrclass  = {20C33},
  mrnumber = {4821696},
  url      = {https://doi.org/10.1016/j.jalgebra.2024.10.017},
}

@Article{Bonnafe2006,
  author     = {Bonnaf\'e, C\'edric},
  journal    = {Ast\'erisque},
  title      = {Sur les caract\`eres des groupes r\'eductifs finis \`a{} centre non connexe: applications aux groupes sp\'eciaux lin\'eaires et unitaires},
  year       = {2006},
  issn       = {0303-1179,2492-5926},
  number     = {306},
  pages      = {vi+165},
  fjournal   = {Ast\'erisque},
  mrclass    = {20G40 (20G05)},
  mrnumber   = {2274998},
  mrreviewer = {Robert\ B\'edard},
}

@Article{Lusztig1977,
  author     = {Lusztig, G.},
  journal    = {Invent. Math.},
  title      = {Irreducible representations of finite classical groups},
  year       = {1977},
  issn       = {0020-9910,1432-1297},
  number     = {2},
  pages      = {125--175},
  volume     = {43},
  doi        = {10.1007/BF01390002},
  fjournal   = {Inventiones Mathematicae},
  mrclass    = {20C15},
  mrnumber   = {463275},
  mrreviewer = {James\ E.\ Humphreys},
  url        = {https://doi.org/10.1007/BF01390002},
}

@Book{GeckMalle2020,
  author     = {Geck, Meinolf and Malle, Gunter},
  publisher  = {Cambridge University Press, Cambridge},
  title      = {The character theory of finite groups of {L}ie type},
  year       = {2020},
  isbn       = {978-1-108-48962-1},
  note       = {A guided tour},
  series     = {Cambridge Studies in Advanced Mathematics},
  volume     = {187},
  mrclass    = {20C33 (20D06 20G05)},
  mrnumber   = {4211779},
  mrreviewer = {Donald\ L.\ White},
  pages      = {ix+394},
}

@Article{Malle2007,
  author     = {Malle, Gunter},
  journal    = {Represent. Theory},
  title      = {Height 0 characters of finite groups of {L}ie type},
  year       = {2007},
  issn       = {1088-4165},
  pages      = {192--220},
  volume     = {11},
  doi        = {10.1090/S1088-4165-07-00312-3},
  fjournal   = {Representation Theory. An Electronic Journal of the American Mathematical Society},
  mrclass    = {20C33 (20G40)},
  mrnumber   = {2365640},
  mrreviewer = {Gerhard\ Hiss},
  url        = {https://doi.org/10.1090/S1088-4165-07-00312-3},
}

@Article{LaumonLetellier2023,
  author     = {Laumon, G\'erard and Letellier, Emmanuel},
  journal    = {Adv. Math.},
  title      = {Note on a conjecture of {B}raverman-{K}azhdan},
  year       = {2023},
  issn       = {0001-8708,1090-2082},
  pages      = {Paper No. 108962, 48},
  volume     = {419},
  doi        = {10.1016/j.aim.2023.108962},
  fjournal   = {Advances in Mathematics},
  mrclass    = {20G05},
  mrnumber   = {4560998},
  mrreviewer = {Christopher\ P.\ Bendel},
  url        = {https://doi.org/10.1016/j.aim.2023.108962},
}

@Article{ChenBhattacharya2024,
  author = {Chen, Tsao-Hsien and Bhattacharya, Sarbartha},
  title  = {A description of the integral depth-$r$ {B}ernstein center},
  year   = {2024},
  note   = {\href{https://arxiv.org/abs/2407.15128}{arXiv:2407.15128}},
}

@Comment{jabref-meta: databaseType:bibtex;}
